@misc{,
doi = {boost},
file = {:Users/sergioandresmonsalvecastaneda/Library/Application Support/Mendeley Desktop/Downloaded/Unknown - Unknown - Boost C Libraries.html:html},
title = {{Boost C++ Libraries}},
url = {http://www.boost.org/},
urldate = {13/08/13}
}
