@book{Boost,
author = {Boost, The and Library, Graph},
file = {:Users/sergioandresmonsalvecastaneda/Library/Application Support/Mendeley Desktop/Downloaded/Boost, Library - Unknown - The Boost Graph Library.pdf:pdf},
isbn = {0201729148},
title = {{The Boost Graph Library}}
}
@article{Karniadakis,
author = {Karniadakis, George Em and Ii, Robert M Kirby},
file = {:Users/sergioandresmonsalvecastaneda/Library/Application Support/Mendeley Desktop/Downloaded/Karniadakis, Ii - Unknown - in C and MPI A seamless approach to parallel algorithms and their implementation.pdf:pdf},
title = {{in C ++ and MPI A seamless approach to parallel algorithms and their implementation}}
}
@book{Kernighan1988,
author = {Kernighan, BW and Ritchie, DM and Ejeklint, P},
file = {:Users/sergioandresmonsalvecastaneda/Library/Application Support/Mendeley Desktop/Downloaded/Kernighan, Ritchie - 1988 - The C programming Language.pdf:pdf},
isbn = {0131103628},
title = {{The C programming language}},
url = {http://alvand.basu.ac.ir/~dezfoulian/files/Programming/Prentice Hall - The C Programming Language- Brian W. Kernighan, Dennis M. Ritchie, 2nd ed., ISBN .pdf},
volume = {8},
year = {1988}
}
@book{Wall2000,
author = {Wall, Kurt},
isbn = {987946009X},
pages = {541},
publisher = {Prentice-Hall},
title = {{Programaci\'{o}n en Linux con ejemplos}},
url = {http://books.google.com/books?id=qaWiAAAACAAJ\&pgis=1},
year = {2000}
}
@misc{,
doi = {boost},
file = {:Users/sergioandresmonsalvecastaneda/Library/Application Support/Mendeley Desktop/Downloaded/Unknown - Unknown - Boost C Libraries.html:html},
title = {{Boost C++ Libraries}},
url = {http://www.boost.org/},
urldate = {13/08/13}
}
@misc{,
title = {{Software Carpentry: Lessons (Version 4.0)}},
url = {http://software-carpentry.org/v4/}
}
@misc{,
keywords = {Blaise Barney,HPC,High Performance Computing,LLNL,Lawrence LivermoreNational Laboratory,parallel,programming,training,tutorials,workshops},
title = {{Introduction to Parallel Computing}},
url = {https://computing.llnl.gov/tutorials/parallel\_comp/}
}
