@book{Kernighan1988,
author = {Kernighan, BW and Ritchie, DM and Ejeklint, P},
file = {:Users/sergioandresmonsalvecastaneda/Library/Application Support/Mendeley Desktop/Downloaded/Kernighan, Ritchie - 1988 - The C programming Language.pdf:pdf},
isbn = {0131103628},
title = {{The C programming language}},
howpublished = {\url{http://alvand.basu.ac.ir/~dezfoulian/files/Programming/Prentice Hall - The C Programming Language- Brian W. Kernighan, Dennis M. Ritchie, 2nd ed., ISBN .pdf}},
volume = {8},
year = {1988}
}

@article{Karniadakis,
author = {Karniadakis, George Em and Ii, Robert M Kirby},
file = {:Users/sergioandresmonsalvecastaneda/Library/Application Support/Mendeley Desktop/Downloaded/Karniadakis, Ii - Unknown - in C and MPI A seamless approach to parallel algorithms and their implementation.pdf:pdf},
title = {{in C ++ and MPI A seamless approach to parallel algorithms and their implementation}}
}

@book{siek2001boost,
title={Boost Graph Library: User Guide and Reference Manual, The},
author={Siek, Jeremy G and Lee, Lie-Quan and Lumsdaine, Andrew},
year={2001},
publisher={Pearson Education}
}


@book{Wall2000,
author = {Wall, Kurt},
isbn = {987946009X},
pages = {541},
publisher = {Prentice-Hall},
title = {{Programaci\'{o}n en Linux con ejemplos}},
howpublished = {\url{http://books.google.com/books?id=qaWiAAAACAAJ\&pgis=1}},
year = {2000}
}

@book{andrei2001modern,
title={Modern C++ Design: Generic Programming and Design Patterns Applied},
author={Andrei Alexandrescu},
isbn={9780201704310},
lccn={00049596},
series={C++ in-depth series},
howpublished={\url{http://books.google.com.co/books?id=aJ1av7UFBPwC}},
year={2001},
publisher={Addison-Wesley}
}

@book{stroustrup2013c++,
title={The C++ Programming Language},
author={Stroustrup, B.},
isbn={9780133522853},
howpublished={\url{http://books.google.com.co/books?id=PSUNAAAAQBAJ}},
year={2013},
publisher={Pearson Education}
}

@book{czarnecki2000generative,
title={Generative programming: methods, tools, and applications},
author={Czarnecki, K. and Eisenecker, U.},
isbn={9780201309775},
lccn={00028389},
howpublished={\url{http://books.google.com.co/books?id=cCZXYQ6Pau4C}},
year={2000},
publisher={Addison Wesley}
}

@misc{wwwboost,
doi = {boost},
file = {:Users/sergioandresmonsalvecastaneda/Library/Application Support/Mendeley Desktop/Downloaded/Unknown - Unknown - Boost C Libraries.html:html},
title = {Boost C++ Libraries},
howpublished = {\url{http://www.boost.org/}}
}


@misc{SC,
title = {{Software Carpentry: Lessons (Version 4.0)}},
howpublished = {\url{http://software-carpentry.org/v4/}}
}
@misc{LLNL,
keywords = {Blaise Barney,HPC,High Performance Computing,LLNL,Lawrence LivermoreNational Laboratory,parallel,programming,training,tutorials,workshops},
title = {{Introduction to Parallel Computing}},
howpublished = {\url{https://computing.llnl.gov/tutorials/parallel\_comp/}}
}

@misc{BoostGrafos,
title = {{An Overview of the Parallel Boost Graph Library - 1.55.0}},
howpublished = {\url{http://www.boost.org/doc/libs/1\_55\_0/libs/graph\_parallel/doc/html/overview.html}}
}

@misc{techDL140,
title = {HP ProLiant DL140 QuickSpecs},
howpublished = {\url{http://h18004.www1.hp.com/products/quickspecs/12509_na/12509_na.html}}
}

@misc{techBL460,
title = {HP Proliant BL460c  QuickSpecs},
howpublished = {\url{http://h18004.www1.hp.com/products/quickspecs/12518_na/12518_na.html}}
}

@misc{teckDell1950,
title = {Dell PowerEdge 1950},
howpublished = {\url{http://www.dell.com/support/drivers/us/en/04/Product/poweredge-1950}}
}

@book{aho1983data,
title={Data structures and algorithms},
author={Aho, Alfred V and others},
year={1983},
publisher={Pearson Education India}
}


@book{BoostMPI,
title = {MPI Boost},
howpublished = {\url{http://www.boost.org/doc/libs/1_55_0/doc/html/mpi.html}}
}

@book{BoostLicese,
title = {Licencia de Boost},
howpublished = {\url{http://www.boost.org/LICENSE_1_0.txt}}
}



