@misc{wwwboost,
doi = {boost},
file = {:Users/sergioandresmonsalvecastaneda/Library/Application Support/Mendeley Desktop/Downloaded/Unknown - Unknown - Boost C Libraries.html:html},
title = {Boost C++ Libraries},
howpublished = {\url{http://www.boost.org/}}
}
