% This file was created with JabRef 2.9b2.
% Encoding: UTF-8

@ELECTRONIC{Numpy,
  author = {Numpy-developers},
  year = {2013. (Citado: 29 Oct. 2013)},
  title = {Numpy, Numpy Scipy},
  howpublished = {[Online]: página web},
  url = {http://www.numpy.org/},
  owner = {will},
  timestamp = {2013.11.05}
}

@ELECTRONIC{Scipy,
  author = {SciPy-developers},
  year = {2013. (Citado: 29 Oct. 2013)},
  title = {Scipy, About Scipy},
  howpublished = {[Online]: página web},
  url = {http://www.scipy.org/},
  owner = {will},
  timestamp = {2013.11.05}
}

@CONFERENCE{Ai2006,
  author = {Ai, H. and Litman, D.J. and Forbes-Riley, k. and Rotaru, M. and Tetreault,
	J. and Purandare, A.},
  title = {Using system and user performance features to improve emotion detection
	in spoken tutoring dialogs},
  booktitle = {proceedings of Interspeech 2006 - ICSLP},
  year = {2006},
  owner = {eafit},
  quality = {1},
  timestamp = {2013.11.13}
}

@ELECTRONIC{Alsa,
  author = {Alsa-Project},
  year = {(Citado: 29 Oct. 2013)},
  title = {Advanced Linux Sound Architecture (ALSA)},
  howpublished = {[Online]: página web},
  url = {http://www.alsa-project.org/main/index.php/Main_Page},
  owner = {will},
  timestamp = {2013.11.04}
}

@BOOK{AnalogDevices2005,
  title = {The Data Conversion Handbook},
  publisher = {Elsevier},
  year = {3ra edición, 2005},
  editor = {Walt Kester},
  author = {Analog Devices, Inc},
  owner = {will},
  timestamp = {2013.11.11},
  url = {http://www.analog.com/library/analogDialogue/archives/39-06/data_conversion_handbook.html}
}

@ELECTRONIC{AnonimoTkinter,
  author = {Anónimo},
  month = {Noviembre},
  year = {2005. (Citado: 29 Oct. 2013)},
  title = {An Introduction To Tkinter},
  howpublished = {[Online]: página web},
  url = {http://effbot.org/tkinterbook/tkinter-index.htm},
  owner = {will},
  timestamp = {2013.11.04}
}

@BOOK{Arora2009,
  title = {Computational Complexity: A Modern Approach},
  publisher = {Cambridge University Press},
  year = {2009},
  author = {Arora, S. and Barak, B.},
  owner = {eafit},
  quality = {1},
  timestamp = {2013.11.12}
}

@ARTICLE{Azooz2006,
  author = {Azooz, A.},
  title = {Analog data acquisition for obtaining I-V characteristics using sound
	cards},
  journal = {Computing in Science \& Engineering},
  year = {2006},
  volume = {Vol. 8},
  pages = {pp. 10-15},
  owner = {eafit},
  quality = {1},
  timestamp = {2013.11.06}
}

@ARTICLE{Batliner2003,
  author = {Batliner, A. and Fisher, K. and Huber, R. and Spilker, J. and Noth,
	E.},
  title = {How to find a trouble in communication},
  journal = {Speech communication},
  year = {2003},
  volume = {Vol. 40},
  pages = {pp. 117-143},
  owner = {will},
  timestamp = {2013.07.26}
}

@BOOK{Burrus1997,
  title = {Introduction to Wavelets and Wavelet Transforms: A Primer},
  publisher = {Prentice Hall},
  year = {1997},
  editor = {C. Sidney Burrus (Author), Ramesh A. Gopinath (Author), Haitao Guo
	(Author)},
  author = {Burrus, C. S. and Gopinath, R. A. and Guo, H.},
  owner = {eafit},
  quality = {1},
  timestamp = {2013.11.12}
}

@ARTICLE{Daubechies1992,
  author = {Daubechies, I.},
  title = {Ten lectures on wavelets},
  journal = {CBMS-NSF Regional Conference Series in Applied Mathematics, SIAM
	Ed.},
  year = {1992},
  owner = {eafit},
  quality = {1},
  timestamp = {2013.11.12}
}

@ELECTRONIC{Matplotlib,
  author = {Matplotlib-Development-Team},
  month = {Octubre},
  year = {2013. (Citado: 29 Oct. 2013)},
  title = {Matplotlib},
  howpublished = {[Online]: página web},
  url = {http://matplotlib.org/},
  owner = {will},
  timestamp = {2013.11.05}
}

@ARTICLE{Devillers2005,
  author = {Devillers, L. and Vidrascu, L. and lamel, L.},
  title = {Challenges in real-life emotion annotation and machine learning based
	detection},
  journal = {Neural Networks},
  year = {2005},
  volume = {Vol. 18},
  pages = {pp. 407-422},
  owner = {will},
  timestamp = {2013.07.26}
}

@ELECTRONIC{Dynamode,
  author = {Dynamode},
  year = {(Citado: 25 Oct. 2013)},
  title = {USB Sound Adapter, USB-SOUNDCARD2.0},
  howpublished = {[Online]: página web},
  url = {http://www.dynamode.com/english/distributor.html},
  owner = {eafit},
  quality = {1},
  timestamp = {2013.10.30}
}

@ELECTRONIC{Techman,
  author = {Techman-Electronics-Inc.},
  year = {(Citado: 29 Oct. 2013)},
  title = {Tablet Power Supply AD-2002U},
  howpublished = {[Online]: página web},
  url = {http://www.techman-usa.com/display.php?eC_type=DISPLAY&psid=AD-2002U&lang=en},
  owner = {will},
  timestamp = {2013.11.06}
}

@ELECTRONIC{ElinuxDistributions,
  author = {Elinux},
  month = {Octubre},
  year = {2013. (Citado: 29 Oct. 2013)},
  title = {RPi Distributions},
  howpublished = {[Online]: página web},
  url = {http://elinux.org/RPi_Distributions#Raspbian},
  owner = {eafit},
  quality = {1},
  timestamp = {2013.11.01}
}

@ELECTRONIC{ElinuxHardware,
  author = {Elinux},
  month = {Octubre},
  year = {2013. (Citado: 25 Oct. 2013)},
  title = {RPi Hardware},
  howpublished = {[Online]: página web},
  url = {http://elinux.org/RPi_Hardware#Specifications},
  owner = {eafit},
  quality = {1},
  timestamp = {2013.10.30}
}

@ARTICLE{El-Nasr2000,
  author = {El-Nasr, M.S. and Yen, J. and Loerger, T.R.},
  title = {FLAME: Fuzzy Logic Adaptive Model of Emotions},
  journal = {Autonomous agents and multiagents systems},
  year = {2000},
  volume = {Vol. 3},
  pages = {pp. 219-257},
  owner = {eafit},
  quality = {1},
  timestamp = {2013.11.13}
}

@CONFERENCE{Fernandez2005,
  author = {Fernandez, R. and Picard, R. W.},
  title = {Classsical and novel discriminan features for affect recognition
	from speech},
  booktitle = {Proceedings of Interspeech 2005},
  year = {2005},
  owner = {will},
  timestamp = {2013.07.26}
}

@ELECTRONIC{Genius2009,
  author = {Genius},
  month = {Octubre},
  year = {2009. (Citado: 25 Oct. 2013)},
  title = {MIC-01A Multimedia Microphone},
  howpublished = {[Online]: página web},
  url = {http://www.geniusnet.com/wSite/ct?xItem=16664&ctNode=145},
  owner = {will},
  timestamp = {2013.10.30}
}

@ELECTRONIC{GonzalezPython,
  author = {González, R.},
  year = {(Citado: 29 Oct. 2013)},
  title = {Python para todos},
  howpublished = {[Online]: libro},
  url = {http://mundogeek.net/tutorial-python/},
  owner = {will},
  timestamp = {2013.11.04}
}

@CONFERENCE{Grimm2007,
  author = {Grimm, M. and Kroschel, K. and Harris, H. and Naas, C. and Schuller,
	B. and Rigol, G. and Moosmayr, T.},
  title = {On the necessity and feasibility of detecting a driver's emotional
	state while driving},
  booktitle = {International Conference on affective Computing and Intelligent Interaction},
  year = {2007},
  pages = {pp. 126-138},
  owner = {eafit},
  quality = {1},
  timestamp = {2013.11.13}
}

@CONFERENCE{Jones2008a,
  author = {Jones, C. and Deeming, A.},
  title = {Affective Human Robotic Interaction},
  booktitle = {Affect and Emotion in Human-Computer interaction, LNCS 4868},
  year = {2008},
  owner = {eafit},
  quality = {1},
  timestamp = {2013.11.13}
}

@CONFERENCE{Jones2008,
  author = {Jones, C. and Sutherland, J},
  title = {Acoustic Emotion Recognition for affective Computer Gaming},
  booktitle = {Affect and Emotion in Human-Computer Interaction, LNCS 4868.},
  year = {2008},
  owner = {eafit},
  quality = {1},
  timestamp = {2013.11.13}
}

@ARTICLE{Liberman2000,
  author = {Liberman, A.},
  title = {Apparatus and methods for detecting emotions in the human voice},
  journal = {Patent No. WO 2000062279},
  year = {2000},
  volume = {Israel},
  owner = {will},
  timestamp = {2013.07.26}
}

@PATENT{Liberman2000a,
  number = {WO 2000062279},
  year = {2000},
  author = {Liberman, A.},
  title = {Apparatus and methods for detecting emotions in the human voice},
  type = {Patent},
  day = {19},
  month = {10},
  __markedentry = {[eafit:2]},
  location = {IL}
}

@ARTICLE{Mandryk2007,
  author = {Mandryk, R.L. and Atkins, M.S},
  title = {A Fuzzy physiological approach for continuously modelling emotion
	during interaction with play technologies},
  journal = {International journal of Human-Computer studies},
  year = {2007},
  volume = {Vol. 65},
  pages = {pp. 329-347},
  owner = {eafit},
  quality = {1},
  timestamp = {2013.11.13}
}

@CONFERENCE{Munoz-Hernandez2009,
  author = {Muñoz-Hernández, S. and Ceruelo, V. and Strass, H.},
  title = {Rfuzzy: An expressive simple fuzzy compiler},
  booktitle = {Bio-Inspired Systems: Computational and Ambient Intelligence, LNCS
	5517},
  year = {2009},
  pages = {2009},
  owner = {eafit},
  quality = {1},
  timestamp = {2013.11.13}
}

@ARTICLE{Murray1993,
  author = {Murray, I. and Arnott, J.},
  title = {Toward the simulation of emotion in synthetic speech: A review of
	the literature on human vocal emotion},
  journal = {Journal of the Acoustical Society of America 93},
  year = {1993},
  volume = {Vol. 2},
  pages = {pp. 1097-1108},
  owner = {will},
  timestamp = {2013.07.26}
}

@CONFERENCE{Nicholas2006,
  author = {Nicholas, G. and Rotaru, M. and Litman, D.J.},
  title = {Exploiting Word-level features for emotion recognition},
  booktitle = {Proceedings of the IEEE/ACL Workshop in spoken Language Technology},
  year = {2006},
  owner = {will},
  timestamp = {2013.07.26}
}

@BOOK{Pahl2007,
  title = {Engineering Design, A Systematic Approach},
  publisher = {Springer},
  year = {3ra edición, 2007},
  author = {Pahl, G. and Beitz, W. and Feldhusen, J. and Grote, K.-H.},
  owner = {will},
  timestamp = {2013.11.11}
}

@ARTICLE{Pell2011,
  author = {Pell, M. D. and Kotz, S. A.},
  title = {On the Time Course of Vocal Emotion Recognition},
  journal = {PLoS ONE},
  year = {2011},
  volume = {Vol. 6},
  owner = {will},
  timestamp = {2013.11.12},
  url = {http://www.plosone.org/article/info:doi/10.1371/journal.pone.0027256}
}

@ARTICLE{Pickard1997,
  author = {Pickard, R.W.},
  title = {Affective Computing},
  journal = {MIT Press, Cambridge},
  year = {1997},
  owner = {eafit},
  quality = {1},
  timestamp = {2013.11.13}
}

@ELECTRONIC{Raspberry,
  author = {Raspberry-Pi-Foundation},
  month = {Septiembre},
  year = {2013. (Citado: 29 Oct. 2013)},
  title = {Raspberry Pi},
  howpublished = {[Online]: página web},
  url = {http://www.raspberrypi.org/},
  owner = {eafit},
  quality = {1},
  timestamp = {2013.11.01}
}

@BOOK{Prandoni2008,
  title = {Signal Processing for Communications},
  publisher = {EPFL Press},
  year = {2008},
  author = {Prandoni, P. and Vetterli, M.},
  owner = {will},
  timestamp = {2013.11.11},
  url = {http://www.sp4comm.org/}
}

@BOOK{Proakis1996,
  title = {Digital Signal Processing},
  publisher = {Prentice-Hall},
  year = {3ra edición, 1996},
  author = {Proakis, J. G. and Manolakis, D. G.},
  owner = {will},
  timestamp = {2013.11.11}
}

@ARTICLE{Rioul1992,
  author = {Rioul, O. and Duhamel, P.},
  title = {Fast Algorithms for Discrete and Continuous Wavelet Transforms},
  journal = {IEEE TRANSACTIONS ON INFORMATION THEORY},
  year = {1992},
  volume = {Vol. 38},
  owner = {eafit},
  quality = {1},
  timestamp = {2013.11.12}
}

@UNPUBLISHED{Rodriguez2012,
  author = {Rodríguez, D.},
  title = {Sistemas Digitales Avanzados, Notas de clase},
  note = {Universidad EAFIT},
  month = {Segundo semestre},
  year = {2012},
  owner = {will},
  timestamp = {2013.11.11}
}

@ARTICLE{Russell1980,
  author = {Russell, J.A.},
  title = {A circumplex model of affect},
  journal = {Journal of personality and social psychology},
  year = {1980},
  volume = {Vol. 39},
  pages = {pp. 1161-1178},
  owner = {will},
  timestamp = {2013.07.26}
}

@ARTICLE{Russell1979,
  author = {Russell, J.A.},
  title = {Affective space is bipolar},
  journal = {Journal of personality and social psychology},
  year = {1979},
  volume = {Vol. 37},
  pages = {pp. 345-356},
  owner = {will},
  timestamp = {2013.07.26}
}

@ARTICLE{Russell1999,
  author = {Russell, J.A. and Feldman-Barret, L.},
  title = {Core affect, prototypical emotional episodes and other things called
	emotion: dissecting the elephant},
  journal = {Journal of personality and social psychology},
  year = {1999},
  volume = {Vol. 76},
  pages = {pp. 805-819},
  owner = {will},
  timestamp = {2013.07.26}
}

@ARTICLE{Russell1989,
  author = {Russell, J.A. and Weiss, A. and Mendelsohn, G.},
  title = {Affect grid: a single item scale of pleasure and arousal},
  journal = {Journal of personality and social psychology},
  year = {1989},
  volume = {Vol. 57},
  pages = {pp. 493-502},
  owner = {will},
  timestamp = {2013.07.26}
}

@BOOK{Scott2006,
  title = {Programming Language Pragmatics},
  publisher = {Morgan Kaufmann Publishers, Elsevier},
  year = {segunda edición, 2006},
  author = {Scott, M. L.},
  owner = {will},
  timestamp = {2013.11.06}
}

@ARTICLE{Shannon1949,
  author = {Shannon, C. E.},
  title = {Communication in the Presence of Noise},
  journal = {Proc. Institute of Radio Engineers},
  year = {1949},
  volume = {Vol. 37},
  pages = {pp. 10–21},
  note = {Reimpreso como \emph{classic paper} en: Proc. IEEE, vol. 86, no.
	2, (Feb. 1998)},
  owner = {will},
  timestamp = {2013.11.11},
  url = {http://www.stanford.edu/class/ee104/shannonpaper.pdf}
}

@BOOK{Smith1997,
  title = {The Scientist and Engineer's Guide to Digital Signal Processing},
  publisher = {California Technical Publishing},
  year = {1997},
  author = {Smith, S. W.},
  owner = {will},
  timestamp = {2013.11.12},
  url = {http://www.dspguide.com/}
}

@ELECTRONIC{Pythonlibrary,
  author = {Python-Software-Foundation},
  month = {Octubre},
  year = {2013. (Citado: 29 Oct. 2013)},
  title = {Python library},
  howpublished = {[Online]: página web},
  url = {http://docs.python.org/2/library/},
  owner = {will},
  timestamp = {2013.11.04}
}

@ELECTRONIC{PythonTkinter,
  author = {Python-Software-Foundation},
  month = {Enero},
  year = {2013. (Citado: 29 Oct. 2013)},
  title = {TkInter},
  howpublished = {[Online]: página web},
  url = {https://wiki.python.org/moin/TkInter},
  owner = {will},
  timestamp = {2013.11.04}
}

@ELECTRONIC{PythonIndex,
  author = {Python-Software-Foundation},
  month = {Octubre},
  year = {2013. (Citado: 05 Nov. 2013)},
  title = {Python Package Index},
  howpublished = {[Online]: página web},
  url = {https://pypi.python.org/pypi},
  owner = {will},
  timestamp = {2013.11.05}
}

@ELECTRONIC{Python,
  author = {Python-Software-Foundation},
  year = {(Citado: 29 Oct. 2013)},
  title = {Python, About Python},
  howpublished = {[Online]: página web},
  url = {http://www.python.org/},
  owner = {will},
  timestamp = {2013.11.04}
}

@MASTERSTHESIS{Sripathi2003,
  author = {Sripathi, D.},
  title = {Efficient Implementations of Discrete Wavelet Transforms Using FPGAs},
  school = {Florida State University},
  year = {2003},
  type = {Master of Science},
  owner = {eafit},
  quality = {1},
  timestamp = {2013.11.12},
  url = {http://etd.lib.fsu.edu/theses/available/etd-11242003-185039/}
}

@ELECTRONIC{Swaroop2013,
  author = {Swaroop, C. H.},
  month = {Enero},
  year = {2013. (Citado: 29 Oct. 2013)},
  title = {A Byte of Python},
  howpublished = {[Online]: libro},
  url = {http://swaroopch.com/notes/python/},
  owner = {will},
  timestamp = {2013.11.04}
}

@ELECTRONIC{SYSTEMS2013,
  author = {4D SYSTEMS},
  year = {2013. (Citado: 10 Nov. 2013)},
  title = {uLCD-32PTU-PI},
  howpublished = {[Online]: imagen},
  url = {http://www.4dsystems.com.au/product/5/37/Raspberry_Pi_Display_Modules/uLCD_32_PTU_PI/},
  owner = {eafit},
  quality = {1},
  timestamp = {2013.11.12}
}

@ARTICLE{Tang2005,
  author = {Tang, G. H. and Wang, J. C.},
  title = {Sound card based digital correlation detection of weak photoelectrical
	signals},
  journal = {European Journal of Physics},
  year = {2005},
  volume = {Vol. 26},
  pages = {pp. 835–841},
  owner = {eafit},
  quality = {1},
  timestamp = {2013.11.06}
}

@ELECTRONIC{Microchip,
  author = {Microchip-Technology-Inc.},
  year = {2002},
  title = {MCP3204/3208, 2.7V 4-Channel/8-Channel 12-Bit A/D Converters with
	SPITM Serial Interface},
  howpublished = {[Online]: datasheet},
  url = {http://ww1.microchip.com/downloads/en/devicedoc/21298c.pdf},
  owner = {will},
  timestamp = {2013.11.07}
}

@ELECTRONIC{Raspbian,
  author = {Thompson, M. and Green, P.},
  year = {(Citado: 29 Oct. 2013)},
  title = {Raspbian, About Raspbian},
  howpublished = {[Online]: página web},
  organization = {Raspbian},
  url = {http://www.raspbian.org/},
  owner = {eafit},
  quality = {1},
  timestamp = {2013.11.01}
}

@BOOK{Ulrich2011,
  title = {DESIGN, creation of artifacts in society},
  publisher = {University of Pennsylvania},
  year = {2011},
  author = {Ulrich, K. T.},
  owner = {will},
  timestamp = {2013.11.11},
  url = {http://opim.wharton.upenn.edu/~ulrich/designbook.html}
}

@BOOK{VanRoy2004,
  title = {Concepts, Techniques, and Models of Computer Programming},
  publisher = {MIT Press},
  year = {2004},
  author = {Van Roy, P. and Haridi, S.},
  owner = {will},
  timestamp = {2013.11.06}
}

@CONFERENCE{Vogt2008,
  author = {Vogt, T. and André, E. and Wagner, J.},
  title = {Affect and Emotion in HCI},
  booktitle = {LNCS 4868},
  year = {2008},
  pages = {pp 75-91},
  publisher = {Springer},
  owner = {eafit},
  quality = {1},
  timestamp = {2013.11.13}
}

@CONFERENCE{Wagner2007,
  author = {Wagner, J. and Vogt, T. and André, E.},
  title = {A systematic comparison of different hmm designs for emotion recognition
	from acted and spontaneous speech},
  booktitle = {International conference on affective computing and Inteligent interaction
	(ACII)},
  year = {2007},
  pages = {pp. 114-125},
  owner = {eafit},
  quality = {1},
  timestamp = {2013.11.13}
}

@ELECTRONIC{pywt,
  author = {Wasilewski, F.},
  month = {Agosto},
  year = {2012. (Citado: 29 Oct. 2013)},
  title = {PyWavelets - Discrete Wavelet Transform in Python},
  howpublished = {[Online]: página web},
  url = {http://www.pybytes.com/pywavelets/},
  owner = {will},
  timestamp = {2013.11.05}
}

@ELECTRONIC{WikiEmotion,
  author = {Wikipedia},
  month = {Octubre},
  year = {2013. (Citado: 07 Nov. 2013)},
  title = {Emotion},
  howpublished = {[Online]: imagen},
  url = {http://en.wikipedia.org/wiki/Emotion},
  __markedentry = {[eafit:2]},
  owner = {will},
  timestamp = {2013.11.07}
}

@ELECTRONIC{WikiFIR,
  author = {Wikipedia},
  month = {Marzo},
  year = {2013. (Citado: 07 Nov. 2013)},
  title = {FIR},
  howpublished = {[Online]: imagen},
  url = {http://es.wikipedia.org/wiki/Finite_impulse_response},
  owner = {will},
  timestamp = {2013.11.07}
}

@ELECTRONIC{WikiIIR,
  author = {Wikipedia},
  month = {Agosto},
  year = {2013. (Citado: 07 Nov. 2013)},
  title = {IIR},
  howpublished = {[Online]: imagen},
  url = {http://es.wikipedia.org/wiki/IIR},
  owner = {will},
  timestamp = {2013.11.07}
}

@ELECTRONIC{WikiADC,
  author = {Wikipedia},
  month = {Octubre},
  year = {2013. (Citado: 05 Nov. 2013)},
  title = {Analog to digital converter},
  howpublished = {[Online]: imagen},
  url = {http://en.wikipedia.org/wiki/Analog-to-digital_converter},
  owner = {will},
  timestamp = {2013.11.07}
}

@CONFERENCE{Wilting2006,
  author = {Wilting, J. and Krahmer, E. and Swerts, M.},
  title = {Real vs acted emotional speech},
  booktitle = {Proceedings of interspeech},
  year = {2006},
  owner = {eafit},
  quality = {1},
  timestamp = {2013.11.13}
}

@ARTICLE{Woods2004,
  author = {Woods, S. and Dautenhahn, K. and Schulz, J.},
  title = {The design space of robots: Investigating children's views},
  journal = {Proceedings - IEEE International Workshop on Robot and Human Interactive
	Communication},
  year = {2004},
  pages = {pp. 47-52},
  owner = {eafit},
  quality = {1},
  timestamp = {2013.11.12}
}

@ARTICLE{Yanaru1997,
  author = {Yanaru, T.},
  title = {An emotion processing system based on fuzzy inference and subjective
	observations},
  journal = {Information sciences},
  year = {1997},
  volume = {Vol. 101},
  pages = {pp. 217-247},
  owner = {eafit},
  quality = {1},
  timestamp = {2013.11.13}
}

@ARTICLE{Zadeh1965,
  author = {Zadeh, L. A.},
  title = {Fuzzy Sets},
  journal = {Information and Control},
  year = {1965},
  volume = {Vol. 8},
  pages = {pp. 338-353},
  owner = {will},
  timestamp = {2013.11.12}
}

@comment{jabref-meta: selector_publisher:}

@comment{jabref-meta: selector_author:}

@comment{jabref-meta: selector_journal:}

@comment{jabref-meta: selector_keywords:}

