@Book{unixlinux,
author = {Sebastían Sánchez},
title = {Unix y Linux, Guía Práctica},
publisher = {Alfaomega, Ra--Ma},
year = {1999}
}

@Book{glup,
author = {Larry Greenfield},
title = {Guía de Linux para el Usuario},
publisher = {The Linux Documentation Project},
year = {1996}
}

@Book{infosecunix,
author = {Antonio Villalón Huerta},
title = {Seguridad en Unix y Redes},
publisher = {The Linux Documentation Project},
year = {2002}
}

@Book{sambabook,
author = {Robert Eckstein, David Collier--Brown \and Peter Kelly},
title = {Usando Samba},
publisher = {The Linux Documentation Project},
year = {1999}
}

@Book{adminlinux,
author = {Lars Wirzenius -- Joanna Oja -- Stephen Stafford --  Alex Weeks \and Rafael Ignacio Zurita},
title = {Guía para Administradores de Sistemas GNU/Linux},
publisher = {The Linux Documentation Project},
year = {2003}
}

@Book{adminseclinux,
author = {Kurt Seifred},
title = {Guía de Seguridad del Administrador de Linux},
publisher = {The Linux Documentation Project},
year = {1999}
}

@Book{guiadminlin,
author = {Olaf Kirch \and Terry Dawson},
title = {Guía de Seguridad del Administrador de Linux},
publisher = {O'Reilly \& Associates},
year = {2000}
}

@Book{guiadminlinred,
author = {Olaf Kirch},
title = {Guía de Administración de redes con Linux},
editor = {O'Reilly \& Associates},
publisher = {The Linux Documentation Project},
year = {1994}
}

@Manual{ubuntuserver,
title = {Ubuntu Server Guide},
organization = {Canonical Ltd. and Members},
year = {2008},
note = {https://help.ubuntu.com/9.04/serverguide/C/index.html}
}

@Manual{ubuntupc,
title = {Documentation for Ubuntu 9.04},
organization = {Canonical Ltd. and Members},
year = {2009},
note = {https://help.ubuntu.com/9.04/index.html}
}

@Manual{fedoraguide,
title = {Unofficial Guide to Fedora},
organization = {Fedora Guide},
year = {2008},
note = {http://www.fedoraguide.info/index.php?title=Main\_Page}
}

@Manual{fedoraguideoff,
title = {Fedora 10 Installation Guide},
organization = {Red Hat, Inc.},
year = {2009},
note = {http://docs.fedoraproject.org/install-guide/f10/en\_US/}
}

@Manual{fedorasec,
title = {Fedora 11 Security Guide},
author = {Johnray Fuller -- John Ha -- David O'Brien -- Scort Radvan \and Eric Christensen},
organization = {Red Hat, Inc.},
year = {2009},
note = {http://docs.fedoraproject.org/security-guide/f11/en-US/}
}

@Manual{fedoraselinux,
title = {Security--Enhanced Linux},
author = {Murray McAllister \and Daniel Walsh},
organization = {Red Hat, Inc.},
year = {2008},
note = {http://docs.fedoraproject.org/selinux-user-guide/f10/pdf/Security-Enhanced\_Linux.pdf}
}

@Manual{unbuntulinux,
title = {Ubuntu Guide},
author = {Chua Wen Kiat},
organization = {Linux Center -- University of Latvia.},
year = {2009},
note = {http://ubuntuguide.org}
}

